@inproceedings{chang2018polynomial,
 author = {Chang, Tyler H. and Watson, Layne T. and Lux, Thomas C. H. and Li, Bo and Xu, Li and Butt, Ali R. and Cameron, Kirk W. and Hong, Yili},
 title = {A Polynomial Time Algorithm for Multivariate Interpolation in Arbitrary Dimension via the {D}elaunay Triangulation},
 booktitle = {Proceedings of the ACMSE 2018 Conference},
 series = {ACMSE '18},
 year = {2018},
 location = {Richmond, Kentucky},
 pages = {12:1--12:8},
 articleno = {12},
 numpages = {8},
 doi = {10.1145/3190645.3190680},
 publisher = {ACM},
 address = {New York, NY, USA}
} 

