@inproceedings{chang2018predicting,
 author = {Chang, Tyler H. and Watson, Layne T. and Lux, Thomas C. H. and Bernard, Jon and Li, Bo and Xu, Li and Back, Godmar and Butt, Ali R. and Cameron, Kirk W. and Hong, Yili},
 title = {Predicting System Performance by Interpolation Using a High-dimensional {D}elaunay Triangulation},
 booktitle = {Proceedings of SpringSim 2018, the 26th High Performance Computing Symposium},
 series = {HPC '18},
 year = {2018},
 location = {Baltimore, Maryland},
 pages = {2:1--2:12},
 articleno = {2},
 numpages = {12},
 doi = {10.22360/springsim.2018.hpc.003},
 publisher = {Society for Computer Simulation International},
 address = {San Diego, CA, USA},
} 
