@inproceedings{chang2020multiobjective,
   title = {Multiobjective Optimization of the Variability of the High-Performance {L}inpack Solver},
  author = {Chang, Tyler H. and Larson, Jeffrey and Watson, Layne T.},
  booktitle = {Proc.\ 2020 Winter Simulation Conference (WSC)},
  year = {2020},
  pages = {3081--3092},
  address = {virtual event},
  organization = {ACM},
  doi = {10.1109/WSC48552.2020.9383875}
}
