@inproceedings{chang2020managing,
author = {Chang, Tyler H. and Larson, Jeffrey and Watson, Layne T. and Lux, Thomas C. H.},
title = {Managing Computationally Expensive Blackbox Multiobjective Optimization Problems with {libEnsemble}},
year = {2020},
publisher = {Society for Computer Simulation International},
address = {San Diego, CA, USA},
booktitle = {Proceedings of the 2020 Spring Simulation Conference},
articleno = {31},
numpages = {12},
location = {Fairfax, Virginia},
series = {SpringSim '20},
doi = {10.22360/springsim.2020.hpc.001}
}
