@misc{chang2023parmoo,
    year  = {Early 2023},
    title = {{ParMOO release 0.2.0}},
    booktitle = {GitHub}
}

@misc{chang2023cse,
    year = {Feb 2023},
    title = {{ParMOO: A Python library for parallel multiobjective simulation optimization}},
    booktitle = {SIAM CSE 23}
}

@misc{chang2023op,
    year = {May 2023},
    title = {{Exploiting problem structures with ParMOO - A Python library for parallel multiobjective simulation optimization}},
    booktitle = {SIAM OP 23}
}
