
@misc{chang2023iclr,
    title = {A framework for fully autonomous design of experiments via active learning and multiobjective optimization: challenges and next steps (poster)},
    year = {2023},
    booktitle = {11th Intl. Conf. on Learning Representation (ICLR 2023), Workshop on Machine Learning for Materials (ML4Materials)},
    address = {Kigali, Rwanda},
    month = {May},
    howpublished = {poster}
}

@misc{chang2022fastmath,
    title = {{ParMOO}: A {P}ython library for parallel multiobjective simulation optimization (lightning talk)},
    year = {2022},
    booktitle = {FASTMath All-Hands Meeting}
    address = {Denver, CO, USA}
    month = {Oct},
    organization = {SIAM},
    howpublished = {lightning talk}
}

@misc{chang2022acmntw,
  title={{ParMOO}: Parallel MultiObjective Optimization in Python (poster)},
  year = {2022},
  booktitle = {The Argonne, Chicago, Michigan, Northwestern, Toyota, Wisconsin (ACMNTW) Workshop on Optimization and Machine Learning},
  address = {Evanston, IL, USA},
  month = {May},
  organization = {Northwestern University},
  howpublished = {poster}
}

@misc{chang2020anlpsa,
  title = {Multiobjective Optimization of Simulations with {PARMOO} (lightning talk)},
  year = {2020},
  booktitle = {Argonne Postdoctoral Research and Career Symposium},
  address = {virtual event},
  month = {Nov},
  organization = {Argonne National Laboratory},
  howpublished = {lightning talk}
}

@misc{chang2020gradrecruit,
  title = {{VarSys}: Managing variability for high performance computers, cloud computing systems, and computer security (poster)},
  year = {2020},
  booktitle = {Virginia Tech, Graduate Student Recruitment Weekend, Lab Poster Session},
  address = {Blacksburg, VA, USA},
  month = {Feb},
  organization = {Virginia Tech, Dept. of Computer Science},
  howpublished = {poster}
}

@misc{chang2019sassy,
  title = {An Adaptive Weighting Scheme for Multiobjective Optimization (lightning talk)},
  year = {2019},
  booktitle = {Argonne National Laboratory, LANS SASSy Seminar Series},
  address = {Lemont, IL, USA},
  month = {Aug},
  organization = {Argonne National Laboratory, MCS Division, LANS Group},
  howpublished = {lightning talk}
}

@misc{chang2019gradrecruit,
  title = {{VarSys}: Managing variability for high performance computers, cloud computing systems, and computer security (poster)},
  year = {2019},
  booktitle = {Virginia Tech, Graduate Student Recruitment Weekend, Lab Poster Session},
  address = {Blacksburg, VA, USA},
  month = {Mar},
  organization = {Virginia Tech, Dept. of Computer Science},
  howpublished = {poster}
}

@misc{chang2018vtcs,
  title = {A Polynomial Time Algorithm for Multivariate Interpolation in Arbitrary Dimension via the {D}elaunay Triangulation (lightning talk)},
  year = {2018},
  booktitle = {Virginia Tech, CS GSC: Lightning Talks},
  address = {Blacksburg, VA, USA},
  month = {Sep},
  organization = {Virginia Tech, CS Graduate Student Committee},
  howpublished = {lightning talk}
}

@misc{chang2018gradrecruit,
  title = {{VarSys}: Managing variability for high performance computers, cloud computing systems, and computer security (poster)},
  year = {2018},
  booktitle = {Virginia Tech, Graduate Student Recruitment Weekend, Lab Poster Session},
  address = {Blacksburg, VA, USA},
  month = {Mar},
  organization = {Virginia Tech, Dept. of Computer Science},
  howpublished = {poster}
}

@misc{chang2014arl,
  title = {Real-time target identification in {Matlab} with {OpenCV} (poster)},
  year = {2014},
  booktitle = {US Army Research Laboratories, Summer Student Poster Symposium},
  address = {Aberdeen, MD, USA},
  month = {Aug},
  organization = {US Army Research Laboratory},
  howpublished = {poster}
}

