@misc{chang2024leveraging,
  author = {Chang, Tyler H. and Gillette, Andrew K. and Maulik, Romit},
  title = {Leveraging Interpolation Models and Error Bounds for Verifiable Scientific Machine Learning},
  howpublished = {In preparation},
  note = {First draft completed,
          preliminary results shown in Research Statement}
}

@misc{chang2024computing,
  author = {Chang, Tyler H.},
  title = {Computing the {D}elaunay Graph in High Dimensions},
  howpublished = {In preparation},
  note = {First draft completed}
}

@misc{egele2023parallel,
  author = {Egele, Romain and Chang, Tyler H. and Sun, Yixuan and Vishwanath, Venkatram and Balaprakash, Prasanna},
  title = {Parallel multi-objective hyperparameter optimization with uniform normalization and bounded objectives},
  howpublished = {Submitted},
  note = {Submitted Dec 2023. Preprint: \url{https://arxiv.org/abs/2309.14936}}
}

@misc{chang2023remark,
  author = {Chang, Tyler H. and Watson, Layne T. and Leyffer, Sven and Lux, Thomas C. H. and Almohri, Hussain},
  title = {Remark on {Algorithm} 1012: Computing projections with large data sets},
  howpublished = {Submitted},
  note = {Submitted Oct 2023. Preprint available upon request},
}

@misc{chang2023designing,
  author  = {Chang, Tyler H. and Wild, Stefan M.},
  title   = {Designing a Framework for Solving Multiobjective Simulation Optimization Problems},
  howpublished = {Submitted},
  note    = {Submitted Jul 2023. Preprint: \url{https://arxiv.org/abs/2304.06881}}
}

@misc{chen2023integrated,
  author  = {Chen, Gongxiaohui and Chang, Tyler H. and Power, John and Jing, Chungunag},
  title   = {An Integrated Multi-Physics Optimization Framework for Particle Accelerator Design},
  bbooktitle = {Proc. 2023 Winter Simulation Conference (WSC 2023), Industrial Applications Track},
  howpublished = {In press},
  note    = {To appear in 2023 Winter Simulation Conference (WSC 2023), Industrial Applications Track}
  doi     = {10.48550/arXiv.2311.09415}
}

@misc{garg2023sfsfd,
  author  = {Garg, Manisha and Chang, Tyler H. and Raghavan, Krishnan},
  title   = {{SF-SFD}: {S}tochastic optimization of {F}ourier coefficients for space-filling designs},
  bbooktitle = {Proc. 2023 Winter Simulation Conference (WSC 2023)},
  location = {Orlando, FL, USA},
  howpublished = {In press},
  note    = {To appear in 2023 Winter Simulation Conference (WSC 2023). Preprint: \url{https://arxiv.org/abs/2305.12043}}
}

@inproceedings{chang2023framework,
  author  = {Chang, Tyler H. and Elias, Jakob R. and Wild, Stefan M. and Chaudhuri, Santanu and Libera, Joseph A.},
  title   = {A framework for fully autonomous design of materials via multiobjective optimization and active learning: challenges and next steps},
  year    = {2023},
  booktitle  = {11th Intl. Conf. on Learning Representation (ICLR 2023), Workshop on Machine Learning for Materials (ML4Materials)},
  location = {Kigali, Rwanda},
  url       = {https://openreview.net/forum?id=8KJS7RPjMqG}
}

@techreport{chang2023parmoo-docs,
    author      = {Chang, Tyler H. and Wild, Stefan M. and Dickinson, Hyrum},
    title       = {{ParMOO}: {P}ython library for parallel multiobjective simulation optimization},
    year        = {2023},
    institution = {Argonne National Laboratory},
    address     = {Lemont, Illinois, USA},
    number      = {Version 0.3.1},
    url         = {https://parmoo.readthedocs.io/_/downloads/en/latest/pdf/}
}

@article{lux2023algorithm,
  author = {Lux, Thomas C. H. and Watson, Layne T. and Chang, Tyler H. and Thacker, William I.},
  title = {Algorithm 1031: {MQSI}---{M}onotone quintic spline interpolation},
  year = {2023},
  journal = {ACM Transactions on Mathematical Software},
  volume = {49},
  number = {1},
  articleno = {6},
  numpages = {17},
  publisher = {Association of Computing Machinery},
  doi = {10.1145/3570157}
}

@article{chang2023parmoo,
    author={Chang, Tyler H. and Wild, Stefan M.},
    title={{ParMOO}: A {P}ython library for parallel multiobjective simulation optimization},
    year = {2023},
    journal = {Journal of Open Source Software},
    volume = {8},
    number = {82},
    articleno = {4468},
    numpages = {5},
    doi = {10.21105/joss.04468}
}

@article{neveu2023comparison,
    author={Neveu, Nicole and Chang, Tyler H. and Franz, Paris and Hudson, Stephen and Larson, Jeffrey},
    title={Comparison of multiobjective optimization methods for the {LCLS-II} photoinjector},
    year = {2023},
    journal={Computer Physics Communication},
    volume={283},
    articleno={108566},
    numpages={10},
    doi = {10.1016/j.cpc.2022.108566}
}

@article{wang2023design,
  author = {Wang, Yueyao and Xu, Li and Hong, Yili and Pan, Rong and Chang, Tyler H. and Lux, Thomas C. H. and Bernard, Jon and Watson, Layne T. and Cameron, Kirk W.},
  title = {Design strategies and approximation methods for high-performance computing variability management},
  year = {2023},
  journal = {Journal of Quality Technology},
  volume = {55},
  number = {1},
  pages = {88--103},
  publisher = {Taylor \& Francis},
  doi = {10.1080/00224065.2022.2035285}
}

@article{chang2022algorithm,
  author={Chang, Tyler H. and Watson, Layne T. and Larson, Jeffrey and Neveu, Nicole and Thacker, William I. and Deshpande, Shubhangi and Lux, Thomas C. H.},
  title={Algorithm 1028: {VTMOP}: {S}olver for blackbox multiobjective optimization problems},
  year={2022},
  journal = {ACM Transactions on Mathematical Software},
  volume = {48},
  number = {3},
  articleno = {36},
  numpages = {34},
  publisher = {Association of Computing Machinery},
  doi={10.1145/3529258}
}

@article{xu2021prediction,
  author = {Xu, Li and Lux, Thomas C. H. and Chang, Tyler H. and Li, Bo and Hong, Yili and Watson, Layne T. and Butt, Ali R. and Yao, Danfeng and Cameron, Kirk W.},
  title = {Prediction of High-Performance Computing Input/Output Variability and its Application to Optimization for System Configurations},
  year = {2021},
  journal = {Quality Engineering},
  volume = {33},
  number = {2},
  pages = {318--334},
  publisher = {Taylor \& Francis},
  doi = {10.1080/08982112.2020.1866203}
}

@article{lux2021interpolation,
  author = {Lux, Thomas C. H. and Watson, Layne T. and Chang, Tyler H. and Bernard, Jon and Li, Bo and Xu, Li and Back, Godmar and Butt, Ali R. and Cameron, Kirk W. and Hong, Yili},
  title = {Interpolation of sparse high-dimensional data},
  year = {2021},
  journal = {Numerical Algorithms},
  volume = {88},
  number = {1},
  pages = {281--313},
  publisher = {Springer},
  doi = {10.1007/s11075-020-01040-2}
}

@inproceedings{chang2020multiobjective,
  author = {Chang, Tyler H. and Larson, Jeffrey and Watson, Layne T.},
  title = {Multiobjective Optimization of the Variability of the High-Performance {L}inpack Solver},
  year = {2020},
  booktitle = {Proc. 2020 Winter Simulation Conference (WSC 2020)},
  pages = {3081--3092},
  location = {Orlando, FL, USA},
  doi = {10.1109/WSC48552.2020.9383875}
}

@article{chang2020algorithm,
  author = {Chang, Tyler H. and Watson, Layne T. and Lux, Thomas C. H. and Butt, Ali R. and Cameron, Kirk W. and Hong, Yili},
  title = {Algorithm 1012: {DELAUNAYSPARSE}: {I}nterpolation via a sparse subset of the {D}elaunay triangulation in medium to high dimensions},
  year = {2020},
  journal = {ACM Transactions on Mathematical Software},
  volume = {46},
  number = {4},
  articleno = {38},
  numpages = {20},
  publisher = {Association of Computing Machinery},
  doi = {10.1145/3422818}
}

@techreport{gillette2020algorithms,
  author = {Gillette, Andrew K. and Chang, Tyler H.},
  title = {{ALGORITHMS}: Assessing Latent Space Dimension by {Delaunay} Loss},
  year = {2020},
  institution = {Lawrence Livermore National Laboratory},
  address     = {Livermore, California, USA},
  number = {LLNL-CONF-814930},
  url = {https://www.osti.gov/servlets/purl/1756748}
}

@article{xu2020modeling,
  author = {Xu, Li and Wang, Yueyao and Lux, Thomas C. H. and Chang, Tyler H. and Bernard, Jon and Li, Bo and Hong, Yili and Cameron, Kirk W. and Watson, Layne T.},
  title = {Modeling {I/O} performance variability in high-performance computing systems using mixture distributions},
  year = {2020},
  journal = {Journal of Parallel and Distributed Computing},
  volume = {139},
  pages = {87--98},
  publisher = {Elsevier},
  doi = {10.1016/j.jpdc.2020.01.005}
}

@inproceedings{chang2020managing,
  author = {Chang, Tyler H. and Larson, Jeffrey and Watson, Layne T. and Lux, Thomas C. H.},
  title = {Managing computationally expensive blackbox multiobjective optimization problems with lib{E}nsemble},
  year = {2020},
  booktitle = {Proc. 2020 Spring Simulation Conference (SpringSim '20)},
  articleno = {31},
  numpages = {12},
  location = {Fairfax, VA, USA},
  organization = {Society for Computer Simulation International},
  doi = {10.22360/springsim.2020.hpc.001}
}

@inproceedings{lux2020algorithm,
  author = {Lux, Thomas C. H. and Watson, Layne T. and Chang, Tyler H. and Xu, Li and Wang, Yueyao and Hong, Yili},
  title = {An algorithm for constructing monotone quintic interpolating splines},
  year = {2020},
  booktitle = {Proc. 2020 Spring Simulation Conference (SpringSim '20)},
  articleno = {33},
  numpages = {12},
  location = {Fairfax, VA, USA},
  organization = {Society for Computer Simulation International},
  doi = {10.22360/springsim.2020.hpc.003}
}

@phdthesis{chang2020dissertation,
  author = {Chang, Tyler H.},
  title = {Mathematical Software for Multiobjective Optimization Problems},
  year = {2020},
  school = {Department of Computer Science,
            Virginia Polytechnic Institute and State University
            (Virginia Tech)},
  address = {Blacksburg, VA, USA},
  url = {http://hdl.handle.net/10919/98915},
  note = {{\bf Dept. of Computer Science Nominee for Outstanding Dissertation Award}}
}

@inproceedings{lux2020analytic,
  author = {Lux, Thomas C. H. and Chang, Tyler H.},
  title = {Analytic test functions for generalizable evaluation of convex optimization techniques},
  year = {2020},
  booktitle = {Proc. IEEE SoutheastCon 2020},
  numpages = {8},
  location = {Raleigh, NC, USA},
  organization = {Institute of Electrical and Electronics Engineers},
  doi = {10.1109/SoutheastCon44009.2020.9368254}
}

@inproceedings{lux2020effective,
  author = {Lux, Thomas C. H. and Watson, Layne T. and Chang, Tyler H. and Xu, Li and Wang, Yueyao and Bernard, Jon and Hong, Yili and Cameron, Kirk W.},
  title = {Effective nonparametric distribution modeling for distribution approximation applications},
  year = {2020},
  booktitle = {Proc. IEEE SoutheastCon 2020},
  numpages = {6},
  location = {Raleigh, NC, USA},
  organization = {Institute of Electrical and Electronics Engineers},
  doi = {10.1109/SoutheastCon44009.2020.9368295}
}

@article{chang2019least,
  author = {Chang, Tyler H. and Lux, Thomas C. H. and Tipirneni, Sai Sindhura},
  title = {Least-squares solutions to polynomial systems of equations with quantum annealing},
  year = {2019},
  journal = {Quantum Information Processing},
  volume = {18},
  number = {12},
  articleno = {374},
  numpages = {17},
  publisher = {Springer},
  doi = {10.1007/s11128-019-2489-x}
}

@inproceedings{chang2018computing,
  author = {Chang, Tyler H. and Watson, Layne T. and Lux, Thomas C. H. and Raghvendra, Sharath and Li, Bo and Xu, Li and Butt, Ali R. and Cameron, Kirk W. and Hong, Yili},
  title = {Computing the umbrella neighbourhood of a vertex in the {D}elaunay triangulation and a single {V}oronoi cell in arbitrary dimension},
  year = {2018},
  booktitle = {Proc. IEEE SoutheastCon 2018},
  numpages = {8},
  location = {St. Petersburg, FL, USA},
  organization = {Institute of Electrical and Electronics Engineers},
  doi = {10.1109/SECON.2018.8479003}
}

@inproceedings{lux2018nonparametric,
  author = {Lux, Thomas C. H. and Watson, Layne T. and Chang, Tyler H. and Bernard, Jon and Li, Bo and Yu, Xiaodong and Xu, Li and Back, Godmar and Butt, Ali R. and Cameron, Kirk W. and Hong, Yili and Yao, Danfeng},
  title = {Nonparametric distribution models for predicting and managing computational performance variability},
  year = {2018},
  booktitle = {Proc. IEEE SoutheastCon 2018},
  numpages = {7},
  location = {St. Petersburg, FL, USA},
  organization = {Institute of Electrical and Electronics Engineers},
  doi = {10.1109/SECON.2018.8478814}
}

@inproceedings{chang2018predictive,
  author = {Chang, Tyler H. and Watson, Layne T. and Lux, Thomas C. H. and Bernard, Jon and Li, Bo and Xu, Li and Back, Godmar and Butt, Ali R. and Cameron, Kirk W. and Hong, Yili},
  title = {Predicting system performance by interpolation using a high-dimensional {D}elaunay triangulation},
  year = {2018},
  booktitle = {Proc. 2018 Spring Simulation Conference (SpringSim '18)},
  articleno = {2},
  numpages = {12},
  location = {Baltimore, MD, USA},
  organization = {Society for Computer Simulation International},
  doi = {10.22360/springsim.2018.hpc.003}
}

@inproceedings{lux2018predictive,
  author = {Lux, Thomas C. H. and Watson, Layne T. and Chang, Tyler H. and Bernard, Jon and Li, Bo and Xu, Li and Back, Godmar and Butt, Ali R. and Cameron, Kirk W. and Hong, Yili},
  title = {Predictive modeling of {I/O} characteristics in high performance computing systems},
  year = {2018},
  booktitle = {Proc. 2018 Spring Simulation Conference (SpringSim '18)},
  articleno = {8},
  numpages = {10},
  location = {Baltimore, MD, USA},
  organization = {Society for Computer Simulation International},
  doi = {10.22360/springsim.2018.hpc.009}
}

@inproceedings{chang2018polynomial,
  author = {Chang, Tyler H. and Watson, Layne T. and Lux, Thomas C. H. and Li, Bo and Xu, Li and Butt, Ali R. and Cameron, Kirk W. and Hong, Yili},
  title = {A polynomial time algorithm for multivariate interpolation in arbitrary dimension via the {D}elaunay triangulation},
  year = {2018},
  booktitle = {Proc. 2018 ACM Southeast Conference (ACMSE '18)},
  articleno = {12},
  numpages = {8},
  location = {Richmond, KY, USA},
  organization = {Association of Computing Machinery},
  doi = {10.1145/3190645.3190680}
} 

@inproceedings{lux2018novel,
  author = {Lux, Thomas C. H. and Watson, Layne T. and Chang, Tyler H. and Bernard, Jon and Li, Bo and Yu, Xiadong and Xu, Li and Back, Godmar and Butt, Ali R. and Cameron, Kirk W. and Yao, Danfeng and Hong, Yili},
  title = {Novel meshes for multivariate interpolation and approximation},
  year = {2018},
  booktitle = {Proc. 2018 ACM Southeast Conference (ACMSE '18)},
  articleno = {13},
  numpages = {7},
  location = {Richmond, KY, USA},
  organization = {Association of Computing Machinery},
  doi = {10.1145/3190645.3190687}
}

@inproceedings{raghunath2017global,
  author = {Raghunath, Chaitra and Chang, Tyler H. and Watson, Layne T. and Jrad, Mohamed and Kapania, Rakesh K. and Kolonay, Raymond M.},
  title = {Global deterministic and stochastic optimization in a service oriented architecture},
  year = {2017},
  booktitle = {Proc. 2017 Spring Simulation Conference (SpringSim '17)},
  articleno = {7},
  numpages = {12},
  location = {Virginia Beach, VA, USA},
  organization = {Society for Computer Simulation International},
  doi = {10.22360/springsim.2017.hpc.023}
}

@mastersthesis{chang2016bachelorsthesis,
  author = {Chang, Tyler H.},
  title = {{GPU} Saturation for Multiple Matrix-Vector Multiplications},
  year = {2016},
  school = {Department of Computer Science, Virginia Wesleyan University},
  address = {Virginia Beach, VA, USA},
  type={Bachelor's Thesis}
}

@techreport{chang2015arltm,
  author = {Chang, Tyler H.},
  title = {Implementing the Optimal Control-Based Obstacle Avoidance {(OCOA)} Algorithm in Compiled Code},
  year = {2015},
  booktitle = {ARL Summer Student Research Symposium Compendium of Abstracts},
  volume = {2},
  number = {ARL-TM-2015A},
  address = {Adelphi, MD, USA},
  organization = {US Army Research Laboratory},
  url = {https://apps.dtic.mil/sti/pdfs/AD1000355.pdf}
}
