
@misc{chang2025designing,
  author  = {Chang, Tyler H. and Wild, Stefan M.},
  title   = {Designing a Framework for Solving Multiobjective Simulation Optimization Problems},
  howpublished = {In press},
  year = {2025},
  numpages = {33},
  note    = {To appear in INFORMS Journal on Computing. Preprint: \url{https://arxiv.org/abs/2304.06881}}
}

@article{chang2025leveraging,
  author = {Chang, Tyler H. and Gillette, Andrew K. and Maulik, Romit},
  title = {Leveraging Interpolation Models and Error Bounds for Verifiable Scientific Machine Learning},
  year = {2025},
  journal = {Journal of Computational Physics},
  volume = {524},
  articleno = {113726},
  numpages = {23},
  doi = {10.1016/j.jcp.2025.113726},
}

@article{chang2023parmoo,
    author={Chang, Tyler H. and Wild, Stefan M.},
    title={{ParMOO}: A {P}ython library for parallel multiobjective simulation optimization},
    year = {2023},
    journal = {Journal of Open Source Software},
    volume = {8},
    number = {82},
    articleno = {4468},
    numpages = {5},
    doi = {10.21105/joss.04468}
}

@article{chang2022algorithm,
  author={Chang, Tyler H. and Watson, Layne T. and Larson, Jeffrey and Neveu, Nicole and Thacker, William I. and Deshpande, Shubhangi and Lux, Thomas C. H.},
  title={Algorithm 1028: {VTMOP}: {S}olver for blackbox multiobjective optimization problems},
  year={2022},
  journal = {ACM Transactions on Mathematical Software},
  volume = {48},
  number = {3},
  articleno = {36},
  numpages = {34},
  publisher = {Association of Computing Machinery},
  doi={10.1145/3529258}
}

@article{chang2020algorithm,
  author = {Chang, Tyler H. and Watson, Layne T. and Lux, Thomas C. H. and Butt, Ali R. and Cameron, Kirk W. and Hong, Yili},
  title = {Algorithm 1012: {DELAUNAYSPARSE}: {I}nterpolation via a sparse subset of the {D}elaunay triangulation in medium to high dimensions},
  year = {2020},
  journal = {ACM Transactions on Mathematical Software},
  volume = {46},
  number = {4},
  articleno = {38},
  numpages = {20},
  publisher = {Association of Computing Machinery},
  doi = {10.1145/3422818}
}

