
@misc{chang2024dfos,
    title = {Title pending},
    year = {2024},
    booktitle = {The 2nd Derivative-Free Optimization Symposium (DFOS 2024)},
    address = {Padova, Italy},
    month = {Jun},
    organization = {private},
    howpublished = {invitation}
}

@misc{chang2023iciam,
    title = {Data sampling for surrogate modeling and optimization},
    year = {2023},
    booktitle = {The 10th International Congress on Industrial and Applied Mathematics (ICIAM 2023)},
    address = {Tokyo, Japan},
    month = {Aug},
    organization = {SIAM},
    howpublished = {invited talk},
    url = {https://iciam2023.org/registered_data?id=02342},
    slides = {https://github.com/thchang/presentations/blob/main/2023ICIAM/main.pdf}
}

@misc{chang2023lans,
    title = {Toward interpretable machine learning via {D}elaunay interpolation -- challenges and next steps},
    year  = {2023},
    booktitle = {Argonne National Laboratory, LANS Seminar Series},
    address   = {Lemont, IL, USA},
    month     = {July},
    organization = {Argonne National Laboratory},
    howpublished = {Seminar},
    url = {https://www.anl.gov/mcs/lans-seminars},
    slides = {https://github.com/thchang/presentations/blob/main/2023LANS_Seminar/main.pdf}
}

@misc{chang2023op,
    title = {Exploiting structures in multiobjective simulation optimization problems},
    year = {2023},
    booktitle = {SIAM Conference on Optimization (OP 2023)},
    address = {Seattle, WA, USA},
    month = {Jun},
    organization = {SIAM},
    howpublished = {invited talk},
    url = {https://meetings.siam.org/sess/dsp_talk.cfm?p=127453},
    slides = {https://github.com/thchang/presentations/blob/main/2023OP/main.pdf}
}

@misc{chang2023cse,
    title = {{ParMOO}: A {P}ython library for parallel multiobjective simulation optimization},
    year = {2023},
    booktitle = {SIAM Conference on Computational Science and Engineering (CSE 2023)},
    address = {Amsterdam, Netherlands},
    month = {Mar},
    organization = {SIAM},
    howpublished = {invited talk},
    url = {https://meetings.siam.org/sess/dsp_talk.cfm?p=123995},
    slides = {https://github.com/thchang/presentations/blob/main/2023CSE/main.pdf}
}

@misc{chang2022sciencecircle,
  title = {An Introduction to Multiobjective Simulation Optimization with {ParMOO}},
  year = {2022},
  booktitle={The Science Academy, Science Circle Cohort, guest speaker},
  address={virtual event},
  month={Oct},
  organization={The Science Academy},
  howpublished = {Tutorial},
  note={Recording: \url{https://www.youtube.com/watch?v=gqha8urlehm}},
  url={https://www.youtube.com/watch?v=gqha8urlehm}
}

@misc{chang2022mds,
  title = {Geometric Considerations when Surrogate Modeling},
  year = {2022},
  booktitle = {SIAM Conference on Mathematics of Data Science (MDS 2022)},
  address = {San Diego, CA, USA},
  month = {Sep},
  organization = {SIAM},
  howpublished = {invited talk},
  url = {https://meetings.siam.org/sess/dsp_talk.cfm?p=122000},
  slides = {https://github.com/thchang/presentations/blob/main/2022MDS/main.pdf}
}

@misc{chang2022iccopt,
  title = {{ParMOO}: A Parallel Framework for Multiobjective Simulation Optimization Problems},
  year = {2022},
  booktitle = {Seventh International Conference on Continuous Optimization (ICCOPT 2022)},
  address = {Bethlehem, PA, USA},
  month = {Jul},
  organization = {Mathematical Optimization Society (MOS)},
  howpublished = {contributed talk},
  url = {https://iccopt2022.lehigh.edu/files/program/ICCOPT2022_Program.pdf},
  slides = {https://github.com/thchang/presentations/blob/main/2022ICCOPT/main.pdf}
}

@misc{chang2022pme,
  title = {An Introduction to Multiobjective Simulation Optimization with {ParMOO}},
  year = {2022},
  booktitle={Univeristy of Chicago, Pritzker School of Molecular Engineering, guest lecture},
  address={virtual event},
  month={May},
  organization={University of Chicago},
  howpublished = {Guest lecture}
}

@misc{chang2021op,
  title = {Surrogate Modeling of Simulations for Multiobjective Optimization Applications},
  year = {2021},
  booktitle = {SIAM Conference on Optimization (OP 2021)},
  address = {virtual event},
  month = {Jul},
  organization = {SIAM},
  howpublished = {invited talk},
  url = {https://meetings.siam.org/sess/dsp_talk.cfm?p=114324},
  slides = {https://github.com/thchang/presentations/blob/main/2021OP/main.pdf}
}

@misc{chang2021cse,
  title = {Computing Sparse Subsets of the {D}elaunay Triangulation in
  High-Dimensions for Interpolation and Graph Problems},
  year = {2021},
  booktitle = {SIAM Conference on Computational Science and Engineering (CSE 2021)},
  address = {virtual event},
  month = {Mar},
  organization = {SIAM},
  howpublished = {invited talk},
  url = {https://meetings.siam.org/sess/dsp_talk.cfm?p=109187},
  slides = {https://github.com/thchang/presentations/blob/main/2021CSE/thchang-slides.pdf}
}

@misc{chang2020wsc,
  title = {Multiobjective Optimization of the Variability of the High-Performance {L}inpack Solver},
  year = {2020},
  booktitle = {2020 Winter Simulation Conference (WSC 2020)},
  address = {virtual event},
  month = {Dec},
  organization = {ACM/SIGSIM, ASA, ASIM, IEEE/SMC, IISE, INFORMS-SIM, NIST, and SCS, ORS},
  howpublished = {contributed talk},
  url = {https://ssl.linklings.net/conferences/wsc/wsc2020_program/views/at_a_glance.html},
  slides = {https://github.com/thchang/presentations/blob/main/2020WSC/main.pdf}
}

@misc{chang2020springsim,
  title = {Managing computationally expensive blackbox multiobjective optimization problems with lib{E}nsemble},
  year = {2020},
  booktitle = {Spring Simulation Conference (SpringSim '20)},
  address = {virtual event},
  month = {May},
  organization = {SCS},
  howpublished = {contributed talk},
  url = {https://scs.org/2020-springsim-archive/},
  slides = {https://github.com/thchang/presentations/blob/main/2020SpringSim/thchang-slides.pdf}
}

@misc{chang2020sandiawet,
  title = {Algorithms and Software for {D}elaunay Interpolation and Multiobjective Optimization},
  year = {2020},
  month={Feb},
  booktitle = {Sandia National Laboratory, Wind Energy Technology Division Seminar},
  address = {virtual event},
  organization = {Sandia National Laboratory},
  howpublished = {Seminar}
}

@misc{chang2020argonnemcs,
  title = {Algorithms and Software for {D}elaunay Interpolation and Multiobjective Optimization},
  year = {2020},
  booktitle = {Argonne National Laboratory, Mathematics and Computer Science Division Seminar},
  address = {Lemont, IL, USA},
  month={Feb},
  organization = {Argonne National Laboratory},
  howpublished = {Seminar}
}

@misc{chang2020sandiaccr,
  title = {Algorithms and Software for {D}elaunay Interpolation and Multiobjective Optimization},
  year = {2020},
  booktitle = {Sandia National Laboratory, Center for Computing Research Seminar},
  address = {Albuquerque, NM, USA},
  month={Jan},
  organization = {Sandia National Laboratory},
  howpublished = {Seminar}
}

@misc{chang2019iccopt,
  title = {A Surrogate for Local Optimization using {D}elaunay Triangulations},
  year = {2019},
  booktitle = {Sixth International Conference on Continuous Optimization (ICCOPT 2019)},
  address = {Berlin, Germany},
  month = {Aug},
  organization = {Mathematical Optimization Society (MOS)},
  howpublished = {contributed talk},
  url = {https://iccopt2019.berlin/downloads/ICCOPT2019_Conference_Book.pdf},
  slides = {https://github.com/thchang/presentations/blob/main/2019ICCOPT/main.pdf}
}

@misc{chang2018secon,
  title = {Computing the Umbrella Neighbourhood of a Vertex in the {D}elaunay Triangulation and a Single {V}oronoi Cell in Arbitrary Dimension},
  year = {2018},
  booktitle = {IEEE SoutheastCon 2020},
  address = {St.\ Petersburg, FL, USA},
  month = {Apr},
  organization = {IEEE},
  howpublished = {contributed talk},
  url = {https://ewh.ieee.org/reg/3/southeastcon2018/index.html},
  slides = {https://github.com/thchang/presentations/blob/main/2019IEEESEC/delvor-pres-ieeesec.pdf}
}

@misc{lux2018secon,
  title = {Nonparametric Distribution Models for Predicting and Managing Computational Performance Variability},
  year = {2018},
  booktitle = {IEEE SoutheastCon 2020},
  address = {St.\ Petersburg, FL, USA},
  month = {Apr},
  organization = {IEEE},
  howpublished = {contributed talk},
  url = {https://ewh.ieee.org/reg/3/southeastcon2018/index.html}
}

@misc{chang2018acmse,
  title = {A Polynomial Time Algorithm for Multivariate Interpolation in Arbitrary Dimension via the {D}elaunay Triangulation},
  year = {2018},
  booktitle = {ACM Southeast Conference (ACMSE '18)},
  address = {Richmond, KY, USA},
  month = {Mar},
  organization = {ACM},
  howpublished = {contributed talk},
  url = {https://acmse2018.eku.edu/sites/acmse2018.eku.edu/files/files/program.pdf},
  slides = {https://github.com/thchang/presentations/blob/main/2018ACMSE/delaunay-pres.pdf}
}

@misc{chang2017springsim,
  title = {Global Deterministic and Stochastic Optimization in a Service Oriented Architecture},
  year = {2017},
  booktitle = {Spring Simulation Conference (SpringSim '17)},
  address = {Virginia Beach, VA, USA},
  month = {Apr},
  organization = {SCS},
  howpublished = {contributed talk},
  url = {https://scs.org/wp-content/uploads/2017/04/2017SpringSimProgramBook-Final.pdf},
  slides = {https://github.com/thchang/presentations/blob/main/2017SpringSim/sorc_pres.pdf}
}

@misc{chang2016vwc,
  title = {{GPU} Saturation for Multiple Matrix-Vector Multiplications},
  year = {2016},
  booktitle = {Virginia Wesleyan College, Undergraduate Research Symposium},
  address = {Virginia Beach, VA, USA},
  month = {Apr},
  organization = {Virginia Wesleyan College},
  howpublished = {contributed talk}
}

@misc{chang2015arlssrs,
  title = {Implementing the Optimal Control-Based Obstacle Avoidance {(OCOA)} Algorithm in Compiled Code},
  year = {2015},
  booktitle = {ARL Summer Student Research Symposium Compendium of Abstracts},
  volume = {2},
  address = {Aberdeen, MD, USA},
  month = {Aug},
  organization = {US Army Research Laboratory},
  url = {https://apps.dtic.mil/sti/citations/AD1000355},
  howpublished = {contributed talk}
}

@misc{chang2014vwc,
  title = {The New {M}astermind},
  year = {2014},
  booktitle = {Virginia Wesleyan College, Undergraduate Research Symposium},
  address = {Virginia Beach, VA, USA},
  month = {Apr},
  organization = {Virginia Wesleyan College},
  howpublished = {contributed talk}
}
