@INPROCEEDINGS{chang2018computing,
author={T. H. Chang and L. T. Watson and T. C. H. Lux and S. Raghvendra and B. Li and L. Xu and A. R. Butt and K. W. Cameron and Y. Hong},
booktitle={Proceedings of SoutheastCon 2018},
title={Computing the Umbrella Neighbourhood of a Vertex in the {D}elaunay Triangulation and a Single {V}oronoi Cell in Arbitrary Dimension},
year={2018},
pages={1-8},
publisher = {IEEE},
doi={10.1109/SECON.2018.8479003},
month={April}
}
