@article{chang2020algorithm,
author = {Chang, Tyler H. and Watson, Layne T. and Lux, Thomas C. H. and Butt, Ali R. and Cameron, Kirk W. and Hong, Yili},
title = {Algorithm 1012: {DELAUNAYSPARSE}: {I}nterpolation via a Sparse Subset of the {D}elaunay Triangulation in Medium to High Dimensions},
year = {2020},
publisher = {Association for Computing Machinery},
address = {New York, NY, USA},
volume = {46},
number = {4},
doi = {10.1145/3422818},
journal = {ACM Trans. Math. Softw.},
month = {nov},
articleno = {38},
numpages = {20}
}
