@inproceedings{Chang:2018:PSP:3213069.3213071,
 author = {Chang, Tyler H. and Watson, Layne T. and Lux, Thomas C. H. and Bernard, Jon and Li, Bo and Xu, Li and Back, Godmar and Butt, Ali R. and Cameron, Kirk W. and Hong, Yili},
 title = {Predicting System Performance by Interpolation Using a High-dimensional Delaunay Triangulation},
 booktitle = {Proceedings of the High Performance Computing Symposium},
 series = {HPC '18},
 year = {2018},
 isbn = {978-1-5108-6016-2},
 location = {Baltimore, Maryland},
 pages = {2:1--2:12},
 articleno = {2},
 numpages = {12},
 url = {http://dl.acm.org/citation.cfm?id=3213069.3213071},
 acmid = {3213071},
 publisher = {Society for Computer Simulation International},
 address = {San Diego, CA, USA},
 keywords = {delaunay triangulation, high-dimensional data, multivariate interpolation, performance, performance variability},
} 
