@inproceedings{10.5555/3408207.3408245,
author = {Chang, Tyler H. and Larson, Jeffrey and Watson, Layne T. and Lux, Thomas C. H.},
title = {Managing Computationally Expensive Blackbox Multiobjective Optimization Problems with Libensemble},
year = {2020},
isbn = {9781713812883},
publisher = {Society for Computer Simulation International},
address = {San Diego, CA, USA},
booktitle = {Proceedings of the 2020 Spring Simulation Conference},
articleno = {31},
numpages = {12},
keywords = {multiobjective optimization, HPC resource managers, blackbox optimization},
location = {Fairfax, Virginia},
series = {SpringSim â€™20}
}
