@inproceedings{raghunath2017global,
 author = {Raghunath, Chaitra and Chang, Tyler H. and Watson, Layne T. and Jrad, Mohamed and Kapania, Rakesh K. and Kolonay, Raymond M.},
 title = {Global Deterministic and Stochastic Optimization in a Service Oriented Architecture},
 booktitle = {Proceedings of SpringSim 2017, the 25th High Performance Computing Symposium},
 series = {HPC '17},
 year = {2017},
 location = {Virginia Beach, Virginia},
 pages = {7:1--7:12},
 articleno = {7},
 numpages = {12},
 publisher = {Society for Computer Simulation International},
 address = {San Diego, CA, USA},
 doi = {10.22360/springsim.2017.hpc.023}
} 
