@article{chang2022algorithm,
  title={Algorithm {XXXX}: {VTMOP}: {S}olver for blackbox multiobjective optimization problems},
  author={Chang, Tyler H. and Watson, Layne T. and Larson, Jeffrey and Thacker, William I. and Deshpande, Shubhangi and Lux, Thomas C. H.},
  journal = {ACM Transactions on Mathematical Software (TOMS)},
  year = {2022. To appear},
  publisher = {ACM},
  doi = {10.1145/3529258}
}
